@Misc{torproject,
key = {torproject},
title = {{The Tor Project}},
howpublished = {\url{https://www.torproject.org/}},
}

@Misc{tornetmet,
title = {{Tor Network Metrics}},
howpublished = {\url{https://metrics.torproject.org/network.html}},
}

@misc{blake1998architecture,
  title={{An Architecture for Differentiated Services}},
  author={Blake, S. and Black, D. and Carlson, M. and Davies, E. and Wang, Z. and Weiss, W.},
  year={1998},
  publisher={rfc 2475, December}
}

@article{dovrolis1999case,
  title={A case for relative differentiated services and the proportional differentiation model},
  author={Dovrolis, C. and Ramanathan, P.},
  journal={Network, IEEE},
  volume={13},
  number={5},
  pages={26--34},
  year={1999},
  publisher={IEEE}
}

@article{dovrolis2002proportional,
  title={Proportional differentiated services: Delay differentiation and packet scheduling},
  author={Dovrolis, C. and Stiliadis, D. and Ramanathan, P.},
  journal={IEEE/ACM Transactions on Networking (TON)},
  volume={10},
  number={1},
  pages={12--26},
  year={2002},
  publisher={IEEE Press}
}

@inproceedings{raykova-pet2008,
  title = {{PAR}: Payment for Anonymous Routing}, 
  author = {Elli Androulaki and Mariana Raykova and Shreyas Srivatsan
                  and Angelos Stavrou and Steven M. Bellovin}, 
  booktitle = {Privacy Enhancing Technologies: 8th International
                  Symposium, {PETS} 2008}, 
  year = {2008}, 
  month = {July}, 
  address = {Leuven, Belgium}, 
  pages = {219--236}, 
  editor = {Nikita Borisov and Ian Goldberg}, 
  publisher = {Springer-Verlag, LNCS 5134}, 
  www_section = {Anonymous communication}, 
  bookurl = {http://petsymposium.org/2008/}, 
  www_pdf_url = {http://cs.gmu.edu/~astavrou/research/Par_PET_2008.pdf}, 
  www_tags = {selected}, 
}

@inproceedings{wpes09-xpay,
  title = {{XPay}: Practical anonymous payments for {Tor} routing and
                  other networked services}, 
  author = {Yao Chen and Radu Sion and Bogdan Carbunar}, 
  booktitle = {Proceedings of the Workshop on Privacy in the
                  Electronic Society (WPES 2009)}, 
  year = {2009}, 
  month = {November}, 
  location = {Chicago, IL, USA}, 
  publisher = {ACM}, 
  www_tags = {selected}, 
  www_pdf_url = {http://www.cs.sunysb.edu/~sion/research/sion2009wpes-xpay.pdf}, 
  www_section = {Anonymous communication}, 
}

@inproceedings{incentives-fc10,
  title = {Building Incentives into {Tor}}, 
  author = {Tsuen-Wan ``Johnny'' Ngan and Roger Dingledine and Dan
                  S. Wallach}, 
  booktitle = {Proceedings of Financial Cryptography (FC '10)}, 
  year = {2010}, 
  month = {January}, 
  editor = {Radu Sion}, 
  www_tags = {selected}, 
  www_pdf_url = {http://freehaven.net/anonbib/papers/incentives-fc10.pdf}, 
  www_section = {Anonymous communication}, 
}

@inproceedings{ccs10-braids,
  title = {Recruiting New {T}or Relays with {BRAIDS}}, 
  author = {Rob Jansen and Nicholas Hopper and Yongdae Kim}, 
  booktitle = {Proceedings of the 2010 ACM Conference on Computer and
                  Communications Security, CCS 2010, Chicago,
                  Illinois, USA, October 4-8, 2010}, 
  year = {2010}, 
  editor = {Angelos D. Keromytis and Vitaly Shmatikov}, 
  publisher = {ACM}, 
  www_section = {Anonymous communication}, 
  www_pdf_url = {http://www-users.cs.umn.edu/~hopper/braids_ccs.pdf}, 
  www_tags = {selected}, 
}

@inproceedings{acsac11-tortoise,
  title = {Exploring the Potential Benefits of Expanded Rate Limiting in Tor: Slow and
        Steady Wins the Race With Tortoise}, 
  author = {W. Brad Moore and Chris Wacek and Micah Sherr}, 
  booktitle = {Proceedings of 2011 Annual Computer Security Applications Conference
        (ACSAC'11), Orlando, FL, USA}, 
  year = {2011}, 
  month = {December}, 
  www_tags = {selected}, 
  www_pdf_url = {https://security.cs.georgetown.edu/papers/tortoise.pdf}, 
  www_section = {Anonymous communication}, 
}

@inproceedings{jansen2013lira,
  title = {{LIRA: Lightweight Incentivized Routing for Anonymity}}, 
  author = {Rob Jansen and Aaron Johnson and Paul Syverson}, 
  booktitle = {Proceedings of the Network and Distributed System Security Symposium -
        {NDSS}'13}, 
  year = {2013}, 
  month = {February}, 
  publisher = {Internet Society}, 
  www_tags = {selected}, 
  www_pdf_url = {http://www-users.cs.umn.edu/~jansen/papers/lira-ndss2013.pdf}, 
  www_section = {Anonymous communication}, 
}

@incollection{johnson2013onions,
  title={Onions for Sale: Putting Privacy on the Market},
  author={Johnson, Aaron and Jansen, Rob and Syverson, Paul},
  booktitle={Financial Cryptography and Data Security},
  pages={399--400},
  year={2013},
  publisher={Springer}
}

@INPROCEEDINGS{Acquisti03onthe,
    author = {Alessandro Acquisti and Roger Dingledine and Paul Syverson},
    title = {On the Economics of Anonymity},
    booktitle = {Financial Cryptography. Springer-Verlag, LNCS 2742},
    year = {2003},
    pages = {84--102}
}

@inproceedings{humbert2011-scrip,
  author = {Humbert, Mathias and Manshaei, Mohammadhossein and Hubaux, Jean-Pierre},
  title = {One-to-n Scrip Systems for Cooperative Privacy-Enhancing Technologies},
  booktitle = {Proceedings of the 49th Annual Allerton Conference on Communication, Control, and Computing},
  year = {2011}
}

@inproceedings{snader2008tune,
  title={A Tune-up for Tor: Improving Security and Performance in the Tor Network.},
  author={Snader, Robin and Borisov, Nikita},
  booktitle={NDSS},
  volume={8},
  pages={127},
  year={2008}
}

@article{snader2011improving,
  title={Improving security and performance in the Tor network through tunable path selection},
  author={Snader, Robin and Borisov, Nikita},
  journal={Dependable and Secure Computing, IEEE Transactions on},
  volume={8},
  number={5},
  pages={728--741},
  year={2011},
  publisher={IEEE}
}

@inproceedings{snader2009eigenspeed,
  title={EigenSpeed: secure peer-to-peer bandwidth evaluation.},
  author={Snader, Robin and Borisov, Nikita},
  booktitle={IPTPS},
  pages={9},
  year={2009}
}

@inproceedings{biryukov2013trawling,
  title={Trawling for tor hidden services: Detection, measurement, deanonymization},
  author={Biryukov, Alex and Pustogarov, Ivan and Weinmann, R},
  booktitle={Security and Privacy (SP), 2013 IEEE Symposium on},
  pages={80--94},
  year={2013},
  organization={IEEE}
}

@phdthesis{jansenphdthesis,
author = {Rob Jansen},
title = {{Privacy Preserving Performance Enhancements for Anonymous Communication Systems}},
type = {{University of Minnesota PhD Thesis.}},
institution = {University of Minnesota},
year = {2012},
month = {October},
}
